@misc{can,
	author = {Robert Bosch GmbH},
	title = {{CAN Specification}},
	howpublished = {\url{http://www.bosch-semiconductors.de/media/ubk_semiconductors/pdf_1/canliteratur/can2spec.pdf}},
	note = {Last accessed: July 16, 2016}
	}
